@InProceedings{Plotkin09,
author="Plotkin, Gordon
and Pretnar, Matija",
editor="Castagna, Giuseppe",
title="Handlers of Algebraic Effects",
booktitle="Programming Languages and Systems",
year="2009",
publisher="Springer Berlin Heidelberg",
address="Berlin, Heidelberg",
pages="80--94",
isbn="978-3-642-00590-9"
}
